%YAML 1.1
%TAG !u! tag:unity3d.com,2011:
--- !u!1 &174778
GameObject:
  m_ObjectHideFlags: 0
  m_PrefabParentObject: {fileID: 0}
  m_PrefabInternal: {fileID: 100100000}
  serializedVersion: 4
  m_Component:
  - 224: {fileID: 22432644}
  - 222: {fileID: 22292168}
  - 114: {fileID: 11436660}
  - 114: {fileID: 11446016}
  - 114: {fileID: 11442742}
  m_Layer: 5
  m_Name: URLLink
  m_TagString: Untagged
  m_Icon: {fileID: 0}
  m_NavMeshLayer: 0
  m_StaticEditorFlags: 0
  m_IsActive: 1
--- !u!114 &11436660
MonoBehaviour:
  m_ObjectHideFlags: 1
  m_PrefabParentObject: {fileID: 0}
  m_PrefabInternal: {fileID: 100100000}
  m_GameObject: {fileID: 174778}
  m_Enabled: 1
  m_EditorHideFlags: 0
  m_Script: {fileID: 708705254, guid: f5f67c52d1564df4a8936ccd202a3bd8, type: 3}
  m_Name: 
  m_EditorClassIdentifier: 
  m_Material: {fileID: 0}
  m_Color: {r: 0, g: 0.472, b: 1, a: 1}
  m_RaycastTarget: 1
  m_OnCullStateChanged:
    m_PersistentCalls:
      m_Calls: []
    m_TypeName: UnityEngine.UI.MaskableGraphic+CullStateChangedEvent, UnityEngine.UI,
      Version=1.0.0.0, Culture=neutral, PublicKeyToken=null
  m_FontData:
    m_Font: {fileID: 12800000, guid: b1ff6ef19ec133643b379372e07d8ec4, type: 3}
    m_FontSize: 14
    m_FontStyle: 1
    m_BestFit: 0
    m_MinSize: 0
    m_MaxSize: 98
    m_Alignment: 0
    m_AlignByGeometry: 0
    m_RichText: 1
    m_HorizontalOverflow: 0
    m_VerticalOverflow: 0
    m_LineSpacing: 1
  m_Text: URL
--- !u!114 &11442742
MonoBehaviour:
  m_ObjectHideFlags: 1
  m_PrefabParentObject: {fileID: 0}
  m_PrefabInternal: {fileID: 100100000}
  m_GameObject: {fileID: 174778}
  m_Enabled: 1
  m_EditorHideFlags: 0
  m_Script: {fileID: -1862395651, guid: f5f67c52d1564df4a8936ccd202a3bd8, type: 3}
  m_Name: 
  m_EditorClassIdentifier: 
  m_Delegates:
  - eventID: 2
    callback:
      m_PersistentCalls:
        m_Calls:
        - m_Target: {fileID: 11446016}
          m_MethodName: OnURLClicked
          m_Mode: 1
          m_Arguments:
            m_ObjectArgument: {fileID: 0}
            m_ObjectArgumentAssemblyTypeName: UnityEngine.Object, UnityEngine
            m_IntArgument: 0
            m_FloatArgument: 0
            m_StringArgument: 
            m_BoolArgument: 0
          m_CallState: 2
      m_TypeName: UnityEngine.EventSystems.EventTrigger+TriggerEvent, UnityEngine.UI,
        Version=1.0.0.0, Culture=neutral, PublicKeyToken=null
  delegates: []
--- !u!114 &11446016
MonoBehaviour:
  m_ObjectHideFlags: 1
  m_PrefabParentObject: {fileID: 0}
  m_PrefabInternal: {fileID: 100100000}
  m_GameObject: {fileID: 174778}
  m_Enabled: 1
  m_EditorHideFlags: 0
  m_Script: {fileID: 11500000, guid: cc9bb8426a9e84941a29f41a55d9a713, type: 3}
  m_Name: 
  m_EditorClassIdentifier: 
  _url: http://www.google.com
--- !u!222 &22292168
CanvasRenderer:
  m_ObjectHideFlags: 1
  m_PrefabParentObject: {fileID: 0}
  m_PrefabInternal: {fileID: 100100000}
  m_GameObject: {fileID: 174778}
--- !u!224 &22432644
RectTransform:
  m_ObjectHideFlags: 1
  m_PrefabParentObject: {fileID: 0}
  m_PrefabInternal: {fileID: 100100000}
  m_GameObject: {fileID: 174778}
  m_LocalRotation: {x: 0, y: 0, z: 0, w: 1}
  m_LocalPosition: {x: 0, y: 0, z: 0}
  m_LocalScale: {x: 0.01968504, y: 0.01968504, z: 0.01968504}
  m_LocalEulerAnglesHint: {x: 0, y: 0, z: 0}
  m_Children: []
  m_Father: {fileID: 0}
  m_RootOrder: 0
  m_AnchorMin: {x: 0.5, y: 0.5}
  m_AnchorMax: {x: 0.5, y: 0.5}
  m_AnchoredPosition: {x: 6.23, y: 1.8}
  m_SizeDelta: {x: 143.96, y: 17.96}
  m_Pivot: {x: 0.5, y: 0.5}
--- !u!1001 &100100000
Prefab:
  m_ObjectHideFlags: 1
  serializedVersion: 2
  m_Modification:
    m_TransformParent: {fileID: 0}
    m_Modifications: []
    m_RemovedComponents: []
  m_ParentPrefab: {fileID: 0}
  m_RootGameObject: {fileID: 174778}
  m_IsPrefabParent: 1
